@misc{fito_app,
  author       = {{Fito}},
  title        = {Fito App - Inicio},
  howpublished = {Online},
  note         = {Available: \url{https://fito-app.com/}, Accessed: Nov. 5, 2024}
}

@misc{auge_fondos,
  author       = {{Agencia Universitaria para la Gestión del Emprendimiento (AUGE-UCR)}},
  title        = {Fondos de Capital Semilla},
  howpublished = {Online},
  note         = {Available: \url{https://augeucr.com/home/fondosauge/}, Accessed: Apr. 8, 2025}
}

@misc{sbd_fondos,
  author       = {{Sistema de Banca para el Desarrollo}},
  title        = {Emprendimientos tendrán acceso a ₡3.300 millones para capital semilla},
  howpublished = {Online},
  note         = {Available: \url{https://sbdcr.com/emprendimientos-tendran-acceso-a-%E2%82%A13-300-millones-para-capital-semilla/}, Accessed: Apr. 8, 2025}
}

@misc{cmdsport2024fitness,
  author       = {{CMD Sport}},
  title        = {{Animan al sector del fitness a seguir invirtiendo en Latinoamérica}},
  howpublished = {Online},
  note         = {Available: \url{https://www.cmdsport.com/fitness/actualidad-fitness/animan-al-sector-del-fitness-seguir-invirtiendo-latinoamerica/}, Accessed: Apr. 8, 2025}
}

@misc{mercadofitness,
  author       = {{Mercado Fitness}},
  title        = {En Latinoamérica, las membresías aumentaron un 2.4\% en 2023},
  howpublished = {Online},
  note         = {Available: \url{https://mercadofitness.com/latinoamerica-membresias-creciimiento-2023/}, Accessed: Apr. 8, 2025}
}

@misc{mordor,
  author       = {{Mordor Intelligence}},
  title        = {Industria del fitness en América del Sur - Análisis de tamaño y participación - Tendencias y pronósticos de crecimiento (2024-2029)},
  howpublished = {Online},
  note         = {Available: \url{https://www.mordorintelligence.com/es/industry-reports/south-america-health-and-fitness-club-market}, Accessed: Apr. 8, 2025}
}

@misc{amazon_rekognition,
  author       = {{Amazon Web Services}},
  title        = {What is Amazon Rekognition?},
  howpublished = {Online},
  note         = {Available: \url{https://docs.aws.amazon.com/rekognition/latest/dg/what-is.html}, Accessed: Apr. 8, 2025}
}

@misc{wstudio,
  author       = {{WStudio}},
  title        = {WStudio - Funciones},
  howpublished = {Online},
  note         = {Available: \url{https://www.wstudio.app/#funciones}, Accessed: Apr. 20, 2025}
}

@misc{latinsoft,
  author       = {{LatinSoft}},
  title        = {Fitness 24/7 Gym},
  howpublished = {Online},
  note         = {Available: \url{https://www.latinsoftcr.net/fitness247}, Accessed: Apr. 20, 2025}
}

@misc{daosafe,
  author       = {{Daosafe}},
  title        = {{Daosafe - Turnstile Gates \& Access Control Systems}},
  howpublished = {Online},
  note         = {Available: \url{https://www.daosafe.com/}, Accessed: Apr. 26, 2025}
}

@misc{daosafe_ds112,
  author       = {{Daosafe Technology Co., Ltd.}},
  title        = {{Daosafe DS112 Tripod Turnstile Datasheet}},
  howpublished = {Online},
  note         = {Available: \url{https://www.daosafe.com/}, Accessed: Apr. 26, 2025}
}

@misc{mnt, 
  author       = {{Multinegocios Tecnológicos de Costa Rica S.A.}},
  title        = {{¿Qué ofrecemos en Multinegocios Tecnológicos para tu gimnasio?}},
  howpublished = {Online},
  note         = {Available: \url{https://mntcr.com/}, Accessed: Apr. 26, 2025}
}

@book{wolf_embedded_2012,
  author    = {Marilyn Wolf},
  title     = {Computers as Components: Principles of Embedded Computing System Design},
  edition   = {3rd},
  year      = {2012},
  publisher = {Elsevier},
  address   = {Burlington, MA},
  isbn      = {9780123884367}
}

@book{barr_embedded_1999,
  author    = {Michael Barr},
  title     = {Programming Embedded Systems in C and C++},
  publisher = {O'Reilly \& Associates},
  year      = {1999},
  edition   = {1st},
  address   = {Sebastopol, CA},
  isbn      = {1-56592-354-5}
}
@article{jebril_challenges_2017,
  author    = {Noor A. Jebril and Qasem Abu Al-Haija},
  title     = {Review of Challenges in Embedded Systems Design: Robustness, Predictability, Security},
  journal   = {International Journal of Current Research in Embedded System \& VLSI Technology},
  volume    = {3},
  number    = {1},
  year      = {2017},
  pages     = {1--5},
}

@phdthesis{henriksson_2006,
  author       = {Dan Henriksson},
  title        = {Resource-Constrained Embedded Control and Computing Systems},
  school       = {Lund University},
  address      = {Lund, Sweden},
  year         = {2006},
  type         = {Doctoral Thesis},
  number       = {LUTFD2/TFRT--1074--SE},
  issn         = {0280-5316},
  url          = {https://portal.research.lu.se/files/4452427/546030.pdf}
}

@inproceedings{shyamasundar_validating_2001,
  author    = {R. K. Shyamasundar and Jagannath Aghav},
  title     = {Validating Real-Time Constraints in Embedded Systems},
  booktitle = {Proceedings of the 2001 Pacific Rim International Symposium on Dependable Computing (PRDC)},
  year      = {2001},
  pages     = {99--106},
  publisher = {IEEE},
  doi       = {10.1109/PRDC.2001.992719},
}

@misc{windriver_embedded_security,
  author       = {{Wind River}},
  title        = {What Is Embedded Systems Security?},
  howpublished = {Online},
  year         = {2025},
  note         = {Available: \url{https://www.windriver.com/solutions/learning/embedded-systems-security}, Accessed: Apr. 29, 2025}
}

@book{lee_introduction_2017,
  author       = {Edward A. Lee and Sanjit A. Seshia},
  title        = {Introduction to Embedded Systems: A Cyber-Physical Systems Approach},
  edition      = {2nd},
  publisher    = {MIT Press},
  year         = {2017},
}

@inproceedings{guerbaoui_2025,
  title     = {Advanced Facial Recognition Systems for Real-Time Embedded Applications},
  author    = {Mohammed Guerbaoui and Nouhaila Misbah and Abdelouahed Selmani and Samira El Faiz and Bachir Benhala and Abdelali Ed-Dahhak and Abdeslam Lachhab},
  booktitle = {E3S Web of Conferences},
  volume    = {601},
  pages     = {00109},
  year      = {2025},
  doi       = {10.1051/e3sconf/202560100109},
  publisher = {EDP Sciences}
}

@article{kalkar_2020,
  title     = {Face Recognition in Embedded Systems for Security Surveillance},
  author    = {Shreyas Kalkar and Shubhankar Kelkar and Rutuja Kajale and Sunita M. Kulkarni},
  journal   = {International Research Journal of Engineering and Technology (IRJET)},
  volume    = {7},
  number    = {6},
  pages     = {3655--3662},
  year      = {2020},
  url       = {https://www.irjet.net/archives/V7/i6/IRJET-V7I6683.pdf}
}

@article{hammami_2024,
  title     = {Robust Embedded Access Control System Based on Face and Encrypted QR with RPi4},
  author    = {Samir Marwan Hammami and Muhammad Alhammami},
  journal   = {International Journal of Reconfigurable and Embedded Systems (IJRES)},
  volume    = {13},
  number    = {3},
  pages     = {586--594},
  year      = {2024},
  doi       = {10.11591/ijres.v13.i3.pp586-594}
}

@book{holt_2018_embedded_os,
  title={{Embedded Operating Systems: A Practical Approach}},
  author={Holt, Alan and Huang, Chi-Yu},
  year={2018},
  publisher={Springer},
  address={Cham, Switzerland},
  edition={2nd}
}

@book{wang_2023_embedded_RTOS,
  title={{Embedded and Real-Time Operating Systems}},
  author={Wang, K.C.},
  year={2023},
  publisher={Springer},
  address={Cham, Switzerland}
}

@manual{yocto_overview_2025,
  title        = {Yocto Project Overview and Concepts Manual},
  organization = {The Yocto Project},
  year         = {2025},
  note         = {Version 5.1.999. Accessed: May 3, 2025},
  url          = {https://docs.yoctoproject.org/overview-manual/index.html}
}

@manual{bitbake_manual_2025,
  title        = {BitBake User Manual},
  organization = {The Yocto Project},
  year         = {2025},
  note         = {Documentación \emph{dev}. Accessed: May 3, 2025},
  url          = {https://docs.yoctoproject.org/bitbake/}
}

@book{streif_2016,
  author    = {Rudolf J. Streif},
  title     = {Embedded Linux Systems with the Yocto Project},
  publisher = {Addison-Wesley Professional},
  year      = {2016},
  isbn      = {9780133443240}
}

@book{abbott_2018,
  author    = {Doug Abbott},
  title     = {Linux for Embedded and Real-Time Applications},
  edition   = {4},
  publisher = {Newnes},
  year      = {2018},
  isbn      = {9780128112779}
}

@mastersthesis{pera_2022,
  author  = {Tuomo Perä},
  title   = {Comparison of Custom Embedded Linux Build Systems: Buildroot and Yocto},
  school  = {Aalto University},
  address = {Espoo, Finland},
  year    = {2022}
}

@article{karacali_2024,
  author  = {Huseyin Karacali and Nevzat Donum and Efecan Cebel},
  title   = {Enhancing Workflow Efficiency in Yocto Project: A Build Tool for Fetch Error Detection and Fixing},
  journal = {The European Journal of Research and Development},
  volume  = {4},
  number  = {2},
  pages   = {49--76},
  year    = {2024},
  doi     = {10.56038/ejrnd.v4i2.430}
}
